2436 3127
1040 199 1108 220 .—·
1157 181 1199 217 ll
1248 199 1297 208 —
1352 184 1355 186 ’

259 269 371 306 sutem
398 261 551 317 -posltso
605 270 686 306 sunt
732 264 920 316 sapientiai,
966 267 1230 316 ‘intellig-entia,
1284 268 1481 316 prudentia,
1539 267 1574 305 ln
1629 267 1765 305 actione
1808 267 1997 305 liberalitas
2052 279 2092 306 ac

259 330 492 376 teupernus.
2029 335 2038 344 ·

335 412 337 414 ‚
394 430 522 471 ,Virtus
555 431 644 470 enim
674 430 762 477 licet
795 414 971 477 praeclara
1004 430 1166 478 quaedam
1204 441 1245 469 ac
1284 430 1403 465 divina
1426 440 1482 465 res
1508 442 1570 477 per
1600 442 1639 466 se
1665 431 1744 477 ipsa
1771 432 1817 466 sit
1827 431 1892 477 ⁷²),
1916 432 2027 467 tamen
2051 432 2092 466 ad

244 502 312 530 vres
336 491 511 538 praeclare
534 492 687 537 agendas
712 492 866 529 externis
890 491 987 528 velut
1011 490 1241 527 instrumentis
1266 492 1347 535 eget
1359 488 1417 536 ⁷³).
1475 490 1593 538 Neque
1626 502 1711 527 vero
1748 494 1928 537 propterea
1965 493 2094 528 existi-
2145 491 2152 498 ‘

253 553 407 588 mnndum
440 554 512 596 est,
556 552 658 587 multa
690 556 724 589 et
756 564 879 597 magna
915 553 1025 587 virum
1057 552 1191 587 heamm
1222 551 1488 586 desideraturum
1523 562 1610 588 esse.
1669 552 1723 587 Ne
1756 553 1877 598 multa,
1902 556 1940 587 ut
1965 563 2093 587 summa

255 614 421 651 felicitate
444 613 569 660 aliquis
594 615 739 660 fruatur,
763 624 831 651 non
855 613 898 650 ad
923 616 1055 660 tempus
1080 612 1234 660 aliquod,
1259 612 1320 648 sed
1344 623 1407 659 per
1440 612 1544 648 vitam
1569 614 1754 659 perfectam
1781 625 1916 661 semper
1941 625 1980 650 ea
2004 615 2094 651 bona

257 674 372 711 adsint
394 677 536 711 neccsse
560 676 624 711 est,

396 774 586 813 Perfectam
611 777 720 810 autem
746 776 853 811 vitam
880 775 1045 820 intelligit
1067 774 1324 819 longissimam,
1361 784 1427 809 non
1453 785 1543 821 eam,
1568 787 1671 821 quae,
1713 778 1869 822 quantum
1903 778 1991 812 satis
2019 778 2091 820 est,

255 835 417 871 instructa
440 836 541 871 honis
566 837 721 881 corporis
747 838 781 872 et
805 837 958 872 externis
983 834 1095 881 sitm).
1153 835 1283 884 Quodsi
1309 836 1499 882 quaeritur,
1530 839 1636 872 utrum
1671 836 1822 872 felicitas
1856 836 1913 872 vel
1940 837 2092 871 doctrina

256 896 371 941 effici,
418 896 476 931 vel
510 897 754 931 consuetudine
796 883 950 941 acquiri,
999 896 1056 930 vel
1090 896 1157 930 alia
1190 897 1330 941 quadam
1365 898 1611 932 exercitatione
1641 899 1831 941 comparari
1867 898 2000 941 possit,
2049 909 2091 931 an

255 957 371 1002 potius
396 955 580 1004 divinitus,
605 968 647 993 an
672 958 773 993 etiam
799 958 939 993 fortuito
971 954 1210 1002 obveniat⁷⁵),
1246 959 1503 992 consentaneum
1538 958 1692 1002 profecto
1726 959 1798 1003 est,
1824 958 1855 992 si
1882 956 1970 1004 quod
1999 956 2092 991 aliud

255 1026 275 1052 a
299 1017 370 1054 diis
394 1028 514 1062 munus
540 1019 592 1052 est
615 1017 810 1052 hominihus
835 1018 959 1063 (latum,
986 1018 1184 1052 felicitatem
1210 1027 1343 1063 quoque
1367 1029 1387 1052 a
1411 1018 1479 1052 diis
1507 1019 1753 1053 immortalibus
1779 1019 1909 1064 donari,
1936 1019 2091 1064 ideoque,

253 1078 343 1125 quod
375 1079 452 1125 ipsa
484 1089 593 1114 rerum
631 1078 846 1114 humanarum
880 1078 985 1123 longe
1025 1080 1078 1113 est
1114 1078 1252 1122 optima.
1320 1077 1405 1113 Nam
1439 1089 1535 1125 quum
1586 1079 1650 1115 duo
1689 1081 1759 1114 sint
1795 1090 1925 1124 genera
1959 1090 2093 1124 eorum,

252 1148 338 1184 quae
372 1138 539 1195 diffinitus
565 1140 701 1186 dantur,
726 1151 825 1175 unum
852 1151 987 1186 eorum,
1011 1140 1054 1174 ad
1080 1150 1166 1185 quae
1190 1138 1277 1173 nihil
1303 1140 1473 1174 confertur
1499 1151 1518 1174 a
1542 1140 1663 1185 nobis,
1688 1144 1724 1175 ut
1750 1142 1875 1185 forma,
1901 1139 2089 1184 nohilitas3

256 1197 396 1234 alterum
422 1210 559 1246 eorum,
585 1212 724 1247 quorum
749 1212 812 1237 nos
839 1211 973 1248 quoque
998 1203 1153 1236 auctores
1179 1210 1311 1245 sumusg
1339 1200 1535 1235 felicitatem
1569 1212 1614 1236 ex
1648 1201 1713 1236 hoc
1747 1201 1940 1246 posteriore
1964 1211 2093 1244 genere

254 1269 333 1293 csse
357 1259 502 1296 dixeris.
552 1262 638 1296 Nam
664 1263 760 1296 datur
784 1274 804 1297 a
830 1263 914 1307 deo,
941 1265 975 1296 et
1000 1264 1108 1296 tamen
1133 1272 1199 1295 non
1225 1261 1322 1294 datur
1347 1261 1470 1294 otiosis
1503 1271 1543 1294 ac
1574 1260 1661 1295 nihil
1692 1263 1895 1306 agentibus,
1939 1262 1999 1295 sed
2027 1263 2093 1307 iis,

253 1321 310 1366 qui
337 1323 585 1359 exercitatione
610 1326 644 1359 et
670 1324 914 1368 consuetudine
944 1333 983 1358 se
1016 1323 1085 1369 ipsi
1118 1322 1160 1357 ad
1186 1333 1315 1357 omnem
1341 1323 1540 1368 scientiam,
1566 1322 1725 1358 virtutem
1751 1326 1851 1370 atque
1882 1322 2091 1359 honestatem

252 1381 425 1416 colendam
451 1386 696 1428 compararunt.
747 1384 969 1431 Quamobrem
992 1395 1091 1428 quum
1118 1385 1183 1417 tria
1207 1385 1277 1417 sint
1297 1384 1439 1417 vivendi
1464 1394 1603 1426 genera,
1628 1385 1776 1418 maxime
1799 1386 1967 1428 insignia,
1994 1396 2092 1418 unum

251 1451 374 1489 eorum,
402 1444 460 1491 qui
481 1446 571 1480 totos
586 1455 624 1480 se
644 1445 820 1480 conferunt
845 1443 888 1479 ad
914 1442 1227 1489 contemplationem
1253 1454 1292 1479 ac
1318 1443 1548 1489 cognitionem
1573 1454 1694 1489 rerum,
1720 1444 1858 1480 alterum
1881 1455 2006 1491 eorum,
2032 1445 2089 1490 qui

375 1573 510 1621 σοφίαν
533 1575 601 1619 μὲν
624 1574 686 1610 καί
709 1573 853 1609 σύνεσιν
877 1573 938 1608 καί
962 1583 1138 1620 φρονησιν
1169 1571 1409 1618 ὃιανοητικὰς,
1437 1571 1713 1618 ἐλευθεριότητα
1739 1572 1778 1607 δὲ
1804 1573 1865 1608 καί
1890 1576 2091 1621 σωφροσύ-

368 1647 432 1681 νην
458 1632 595 1681 ἦθικάς.
643 1643 750 1681 Quibus
771 1644 842 1671 haec
870 1642 951 1671 addit
978 1644 1013 1678 2,
1036 1644 1061 1670 l.
1103 1631 1124 1680 ἧ
1149 1631 1216 1677 μὲν
1251 1632 1451 1679 διανοητικὴ
1475 1631 1515 1667 τὸ
1543 1635 1668 1668 πλεῖον
1693 1633 1731 1669 ἐκ
1758 1633 1986 1678 ὃιδασκαλιῖκς
2013 1634 2088 1681 ἔχει

369 1695 431 1730 καί
465 1696 530 1742 την
559 1694 696 1740 γένεσιν
728 1694 788 1728 καὶ
818 1694 882 1739 τὴν
906 1691 1063 1738 αὔξησιν,
1093 1692 1114 1738 ἢ
1141 1693 1180 1727 δὲ
1206 1691 1313 1738 ἠθικὴ
1339 1694 1375 1736 ἔξ
1401 1692 1489 1734 ἔθες
1507 1693 1729 1739 περιγίνεται,
1757 1693 1845 1729 ὅθεν
1870 1695 1930 1731 καί
1955 1693 2091 1740 τέςνομα

370 1753 500 1803 ἔσχηκε
522 1754 651 1803 μικρὸν
675 1757 909 1803 παρεκκλῖνον
934 1752 1002 1789 ἀπὸ
1030 1755 1073 1790 τὲ
1101 1752 1192 1795 ε”θθς
1216 1767 1246 1788 κ.
1272 1767 1302 1788 τ.
1328 1756 1359 1788 λ.

302 1843 356 1879 72)
379 1841 424 1871 Cf.
451 1841 531 1871 Nota
553 1843 599 1871 64.

299 1924 351 1962 73)
374 1924 468 1953 Ethic.
512 1921 577 1951 Nic.
614 1925 654 1959 2,
699 1924 727 1952 2.
783 1912 968 1950 ὑπόκειται
992 1911 1061 1961 ἄρα
1085 1911 1108 1961 ἦ
1132 1911 1242 1960 ἀρετὴ
1267 1907 1357 1948 εἶναι
1382 1911 1403 1960 ἦ
1435 1912 1583 1961 τοιαύτη
1608 1912 1693 1962 περὶ
1724 1913 1851 1961 ἡδονὰς
1876 1913 1938 1950 καί
1973 1916 2088 1959 λύπας

364 1978 438 2012 τῶν
460 1975 634 2022 βελτίςων
660 1974 843 2023 πρακτική.
911 1983 951 2011 Et
978 1983 1011 2018 7,
1045 1984 1089 2010 14.
1155 1972 1306 2018 οὖδεμιίι
1342 1975 1408 2021 γὰρ
1442 1974 1601 2022 ἐνέργεια
1634 1976 1768 2017 τέλειος
1803 1976 2086 2023 ἐμποδιζοιιέιή,

366 2036 389 2085 ἦ
415 2038 448 2073 δ’
481 2036 687 2082 εὐδαιμονία
710 2039 782 2072 τῶν
806 2035 961 2071 τελείων.
997 2035 1050 2070 διὸ
1077 2035 1284 2082 προςὸεἴται
1322 2033 1338 2070 ὁ
1377 2034 1558 2080 εὐδαίμων
1591 2037 1662 2072 τῶν
1698 2037 1736 2072 ἐν
1761 2036 1901 2081 σώματι
1938 2037 2087 2084 ἀγαθῶν

367 2097 429 2135 καὶ
452 2101 523 2135 τῶν
548 2098 647 2141 ἐκτὸς
671 2097 731 2134 καί
755 2099 816 2145 τῆς
840 2096 968 2143 τύχης,
994 2094 1092 2138 ὅπως
1115 2096 1167 2143 μη
1196 2094 1431 2144 ἐμποδίζηται
1458 2098 1578 2132 ταῦτα.

815 2148 835 2159 κ.

300 2187 353 2225 74)
376 2187 469 2215 Ethic.
491 2186 554 2216 Nic.
578 2190 609 2224 l,
633 2188 659 2215 6.
692 2178 731 2212 τὸ
764 2175 995 2223 ἀνθρώπινον
1027 2176 1166 2222 ἀγαθὸν
1198 2178 1317 2222 ψυχῆς
1344 2176 1500 2223 ἐνέργεια
1533 2176 1666 2221 γίνεται
1691 2179 1766 2211 κατ’
1792 2177 1933 2225 ἀρετήν·
1959 2202 2006 2207 —
2032 2181 2083 2215 ἔτι

371 2240 405 2275 δ’
443 2240 482 2275 ἕν
516 2240 584 2288 βίῳ
621 2237 754 2286 τελείῳ.
796 2238 864 2282 μία
896 2237 962 2283 γὰρ
1000 2237 1156 2282 χελιδών
1194 2235 1257 2284 ἔαρ
1293 2235 1314 2272 ἐ·
1339 2243 1450 2279 ποιεῖ,
1514 2235 1576 2273 ἐὸὲ
1607 2238 1675 2282 μία
1700 2235 1827 2284 ἡμέρα·
1854 2237 1927 2275 §rw
1956 2241 1994 2275 δὲ
2022 2240 2083 2277 5303-

370 2300 546 2347 μακάριον
572 2299 633 2335 καί
658 2297 850 2343 εὐδαίμονα
872 2297 940 2342 μία
965 2295 1099 2344 ἡμέρα,
1138 2294 1193 2332 ῥεῖ’
1219 2296 1337 2343 ὀλίγος
1357 2298 1500 2346 χρόνος.
1563 2307 1694 2335 Muretus
1717 2305 1822 2342 opusc.
1847 2307 1877 2334 T.
1901 2307 1947 2335 111.
1967 2318 1992 2344 p.
2013 2312 2080 2338 204.

372 2353 551 2400 ἐνέργειαν
575 2361 808 2390 exercitationem
829 2361 913 2388 animi
936 2360 1149 2395 interpretatur.

300 2456 353 2491 75)
375 2455 468 2484 Ethic.
492 2453 556 2483 Nic.
588 2457 624 2491 l,
668 2456 712 2483 10.
759 2445 848 2482 ὅθεν
871 2447 930 2482 καί
954 2445 1157 2494 ἀπορεῖται,
1202 2445 1354 2491 πότερόν
1394 2445 1448 2486 ἒςι
1480 2446 1647 2492 μαθητὸν
1684 2443 1705 2491 ἢ
1740 2445 1866 2486 ἐθιςὸν
1903 2445 1925 2493 ἢ
1966 2445 2082 2490 ἄλλως

367 2521 443 2550 πως
468 2505 642 2554 ἀσκητόν,
673 2506 695 2555 ἢ
720 2508 808 2544 κατά
832 2521 909 2543 τινα
933 2507 1040 2543 θείαν
1063 2512 1197 2554 μοῖραν
1231 2504 1251 2553 ἢ
1287 2505 1348 2542 καί
1381 2505 1440 2540 διὰ
1472 2506 1585 2553 τύχην
1618 2506 1858 2554 παραγίνεται.
1916 2516 1958 2544 Ac
1985 2518 2081 2552 paullo

366 2580 450 2614 post:
474 2568 636 2615 φαίνεται
661 2569 700 2603 δὲ
734 2568 808 2612 κᾶν,
835 2569 869 2603 εἴ
887 2568 937 2614 μη
969 2567 1197 2611 θεόπεμπτος
1223 2567 1316 2611 ἐςιν,
1354 2566 1443 2602 ἀλλὰ
1481 2569 1526 2602 δι’
1560 2566 1687 2615 ἀρετὴν
1720 2569 1785 2603 καί
1809 2582 1886 2604 τινα
1917 2568 2080 2614 μάθησιν

369 2628 392 2678 ἢ
419 2627 569 2678 ἄσκησιν
591 2628 838 2679 παραγίνεται,
857 2631 928 2666 τῶν
951 2627 1153 2665 θειοτάτων
1178 2623 1278 2664 εἶναι.
