2436 3127
1093 201 1330 238 -12-

293 288 479 332 capessunt
501 288 745 333 rempublicam
771 286 864 323 etin
888 286 1036 332 agendis
1059 288 1163 324 rebus
1195 290 1396 336 vetantur,
1421 290 1555 333 tertium
1580 297 1719 338 eoum,
1749 291 1809 340 qui
1844 291 1906 329 «1-
1923 289 2133 336 voluptatem

292 348 445 384 referunt
468 350 595 393 omnia,
620 359 688 384 non
707 348 843 383 dubium
869 350 944 394 est,
992 349 1073 395 quin
1098 350 1252 394 perfecta
1288 350 1439 387 felicitas
1472 362 1513 387 ea
1548 354 1623 389 vita
1647 354 1876 398 contineatur,
1914 362 2015 399 quae
2031 351 2135 386 nenti

294 409 538 442 convenienter
562 407 766 451 traducitur,
809 408 911 452 atque
937 408 972 442 ln
1003 418 1113 442 rerum
1148 410 1433 465 contemplatione
1466 413 1582 457 posita
1613 415 1678 449 est.
1725 412 1782 449 Ao
1810 422 1894 449 sane
1924 421 1991 459 quo
2028 411 2136 447 maior

295 467 545 514 contemplandi
576 468 762 505 assiduitas
795 468 831 503 In
861 467 978 514 aliquo
1007 457 1125 515 inerit,
1161 479 1203 505 οο
1239 470 1387 508 similior
1415 472 1500 509 haee
1532 464 1670 510 deorum
1703 463 1798 510 vitae
1826 473 1892 510 erit
1915 481 1957 510 ae
1978 473 2136 537 sapiente

295 530 510 577 dignissima.

1696 658 1715 668 φ

438 703 508 740 Sed
532 702 619 738 haec
642 702 819 738 hacteuus.
856 701 1050 737 Monendus
1079 703 1167 737 enim
1193 705 1247 738 est
1271 702 1379 739 lector
1403 703 1505 739 huius
1530 703 1662 751 libelli,
1686 705 1718 741 si
1745 705 1833 743 forte
1856 705 1995 742 uirum
2019 703 2132 750 fuerit,

294 775 354 801 cur
384 775 404 800 a
442 765 611 810 scriptore
638 764 881 811 disputationis
919 762 1021 799 huius
1051 764 1181 809 primae
1205 762 1285 798 huic
1317 765 1506 808 particulae
1539 765 1646 810 altera
1670 767 1828 803 adiuncta
1861 778 1928 802 non
1959 767 2022 810 sit,
2065 776 2132 800 non

294 825 396 862 alIam
422 826 498 862 eius
522 826 574 862 rei
602 836 757 862 caussam
783 825 910 871 fuisse,
935 833 1033 872 quam
1059 823 1171 870 legem
1195 823 1359 871 quandam
1384 836 1493 871 nuper
1517 825 1549 862 ei
1576 826 1758 874 scriptam,
1792 839 1839 864 ex
1864 816 1936 875 >qua
1960 837 2132 863 commen-

294 886 377 923 tatio
402 886 489 922 haec
514 887 776 932 angustioribus
800 897 898 932 quam
925 886 1122 930 superiores
1146 885 1269 920 tinibus
1303 897 1343 920 ac
1368 877 1531 922 cancellis
1558 881 1869 924 circumscflbenda
1900 890 2004 924 esset.
2062 883 2128 922 Oui

291 947 367 993 legi
392 959 433 983 ae
458 960 596 984 normae
620 960 721 995 quum
747 948 935 992 diligenter
958 946 1254 990 obtemperandum
1288 949 1404 992 esset,
1438 957 1505 982 non
1539 947 1649 983 solum
1681 948 1832 984 secunda
1863 950 1932 984 ista
1963 947 2133 995 partio-ula

290 1007 333 1043 ah
361 1018 402 1045 eo
427 1009 558 1045 omissa
582 1010 654 1054 est,
679 1019 798 1044 verum
826 1007 927 1042 etiam
953 1006 1202 1052 disputationes
1227 1006 1309 1043 illae
1334 1007 1370 1043 in
1397 1006 1490 1042 aliud
1525 1008 1659 1053 tempus
1696 1007 1823 1045 dilatae
1853 1009 1952 1056 sunt,
1991 1017 2129 1055 quarum

289 1068 397 1104 altera
421 1069 621 1114 argumenta
644 1079 708 1113 pro
733 1068 791 1102 his
816 1068 998 1101 sententiis
1023 1067 1127 1102 allata
1154 1068 1407 1112 explicaturus,
1440 1067 1548 1103 altera
1577 1070 1688 1103 autem
1722 1067 1801 1115 Ipsa
1830 1067 1981 1116 pondera
2010 1066 2128 1102 horum

289 1131 562 1172 argumentorum
589 1130 844 1164 examinaturus
870 1129 953 1162 erat.
1003 1126 1226 1163 Instituentur
1249 1131 1359 1163 autem
1383 1128 1449 1163 liae
1472 1128 1743 1175 disputationes,
1778 1130 1810 1164 si
1846 1130 1909 1164 deo
1942 1126 2127 1174 placuerit,

286 1188 330 1225 ab
357 1190 475 1225 eodem
501 1189 570 1226 alio
597 1199 636 1224 ac
661 1189 774 1233 magis
800 1189 992 1233 opportuno
1019 1190 1188 1235 tempore,
1213 1188 1247 1223 et
1273 1187 1490 1224 instituentur
1514 1188 1586 1234 lta,
1609 1189 1662 1235 ut,
1700 1191 1857 1240 quantum
1892 1188 1927 1225 ln
1954 1188 2032 1234 ipso
2059 1186 2128 1232 est,

285 1249 472 1286 desideriis
496 1261 627 1296 eorum,
655 1260 796 1297 quorum
824 1250 859 1285 in
884 1261 980 1285 usum
1006 1249 1090 1286 haec
1116 1250 1194 1297 ipsa
1218 1250 1413 1297 conscripta
1436 1251 1531 1295 sunt,
1557 1249 1592 1285 id
1617 1252 1686 1298 est,
1720 1249 1965 1298 discipulorum
1991 1259 2126 1285 suorum

284 1311 481 1347 satisfaciat
504 1322 601 1359 quam
627 1311 788 1346 maxime.

334 1459 387 1497 76)
412 1460 505 1489 Eune.
526 1458 637 1488 Nicon.
671 1460 724 1496 10,
748 1462 776 1488 8.
808 1450 828 1498 ἧ
854 1450 894 1487 δὲ
930 1449 1050 1486 τελεία
1087 1449 1298 1495 εὐδαιμονῶ
1335 1448 1392 1487 ὅτι
1425 1451 1631 1497 θεωρητική
1656 1449 1711 1493 τίς
1746 1450 1820 1491 ἒςιν
1855 1450 2033 1497 ἐνέργεια,
2065 1450 2127 1486 καί

404 1511 574 1547 ἐντεῦθεν
597 1510 641 1546 ἂν
665 1510 807 1557 φανείη·
839 1530 887 1537 -
920 1510 941 1555 ἦ
966 1512 1010 1544 τῦ
1034 1511 1106 1544 θεῦ
1131 1510 1307 1556 ἐνέργεια,
1340 1510 1574 1556 μακαριότητι
1600 1511 1819 1560 διαφέρεσα,
1852 1511 2057 1556 θεωρητικὴ
2081 1508 2125 1545 ἄν

408 1569 476 1615 εἴη·
502 1569 566 1602 καί
588 1571 660 1602 τῶν
683 1568 930 1615 α’νθρωπιϊων
954 1568 999 1612 δὴ
1024 1567 1045 1612 ἡ
1070 1567 1180 1612 ταύτῃ
1205 1568 1447 1613 συγγενεςάτη.
1466 1566 1811 1617 εὖδαιμονικωτάτη,
1834 1589 1882 1597 -
1909 1567 1972 1612 ὦς’
2000 1568 2054 1617 εἴη
2082 1568 2125 1607 ἄν

403 1628 424 1677 ἢ
451 1627 660 1677 εὐδαιμονία
685 1627 828 1675 θεωρία
854 1640 919 1670 τις.
